\bibliographystyle{./IEEEtran}
\bibliography{./IEEEabrv,./IEEEexample}


@inproceedings{janes2018code_call_lens,
  title={code\_call\_lens: raising the developer awareness of critical code},
  author={Janes, Andrea and Mairegger, Michael and Russo, Barbara},
  booktitle={Proceedings of the 33rd ACM/IEEE International Conference on Automated Software Engineering},
  pages={876--879},
  year={2018},
  organization={ACM}
}