
@online{pstate,
  author       = "JetBrains",
  title        = "Persisting State of Components",
  howpublished = "IntelliJ Platform SDK DevGuide",
  url          = {https://www.jetbrains.org/intellij/sdk/docs/basics/persisting_state_of_components.html},
  urldate      = "13.12.2018",
  language     = "english"
}
@online{platform,
  author       = "JetBrains",
  title        = "IntelliJ Platform",
  howpublished = "JetBrains web-site",
  url          = {https://www.jetbrains.com/opensource/idea/},
  urldate      = "13.12.2018",
  language     = "english"
}
@inproceedings{johnson2001you,
  title={You can’t even ask them to push a button: Toward ubiquitous, developer-centric, empirical software engineering},
  author={Johnson, Philip M},
  booktitle={The NSF Workshop for New Visions for Software Design and Productivity: Research and Applications},
  year={2001}
}

@online{git4idea,
  author       = "JetBrains",
  title        = "Git4Idea",
  howpublished = "Git4Idea Github repository",
  url          = {https://github.com/JetBrains/intellij-community/tree/master/plugins/git4idea},
  urldate      = "13.12.2018",
  language     = "english"
}
@online{psi,
  author       = "JetBrains",
  title        = "Program Structure Interface",
  howpublished = "JetBrains web-site",
  url          = {https://www.jetbrains.org/intellij/sdk/docs/basics/architectural_overview/psi.html},
  urldate      = "13.12.2018",
  language     = "english"
}

@inproceedings{tsantalis2018accurate,
  title={Accurate and efficient refactoring detection in commit history},
  author={Tsantalis, Nikolaos and Mansouri, Matin and Eshkevari, Laleh M and Mazinanian, Davood and Dig, Danny},
  booktitle={Proceedings of the 40th International Conference on Software Engineering},
  pages={483--494},
  year={2018},
  organization={ACM}
}
@inproceedings{janes2018code_call_lens,
  title={code\_call\_lens: raising the developer awareness of critical code},
  author={Janes, Andrea and Mairegger, Michael and Russo, Barbara},
  booktitle={Proceedings of the 33rd ACM/IEEE International Conference on Automated Software Engineering},
  pages={876--879},
  year={2018},
  organization={ACM}
}

@article{suvorov,
  title={Улучшение структурной замены кода в IntelliJ IDEA},
  author={Суворов, Егор Фёдорович}
}