@online{json,
	author			= "JSON",
	title			= "JSON",
	howpublished	 	= "JSON official page ",
	url				= {https://www.json.org/},
	urldate			= "18.05.2018",
	language			= "english"
}
@online{xml,
	author			= "XML",
	title			= "XML",
	howpublished	 	= "XML specification page ",
	url				= {https://www.w3.org/TR/xml/},
	urldate			= "18.05.2018",
	language			= "english"
}
@online{xlsx,
	author			= "XLSX",
	title			= "XLSX",
	howpublished	 	= "Microsoft XLSX format description page ",
	url				= {https://msdn.microsoft.com/en-us/library/dd922181(v=office.12).aspx},
	urldate			= "18.05.2018",
	language			= "english"
}
@online{poi,
	author			= "Apache",
	title			= "Apache POI",
	howpublished	 	= "Apache official page ",
	url				= {https://poi.apache.org/},
	urldate			= "18.05.2018",
	language			= "english"
}
@online{sjxlsx,
	author			= "David Pelfree",
	title			= "SJXLSX",
	howpublished	 	= "Github repository",
	url				= {https://github.com/davidpelfree/sjxlsx},
	urldate			= "18.05.2018",
	language			= "english"
}
@online{isostd,
	author			= "ISO/IEC",
	title			= "ISO/IEC 29500",
	howpublished	 	= "web page",
	url				= {https://www.iso.org/standard/71691.html},
	urldate			= "18.05.2018",
	language			= "english"
}
@online{ecmastd,
	author			= "Ecma",
	title			= "ECMA-376",
	howpublished	 	= "web page",
	url				= {https://www.ecma-international.org/publications/standards/Ecma-376.htm},
	urldate			= "18.05.2018",
	language			= "english"
}
@online{ooxml,
	author			= "OOXML",
	title			= "OOXML",
	howpublished	 	= "web page",
	url				= {http://officeopenxml.com/SScontentOverview.php},
	urldate			= "18.05.2018",
	language			= "english"
}
