@book{jade,
  title      = {Developing Multi-Agent Systems with JADE},
  author     = {Fabio Bellifemine, Giovanni Caire, Dominic Greenwood},
  year       = {2007},
  publisher  = {Wiley},
  pages      = {300},
  isbn       = {978-0-470-05747-6}
}