
@online{trik,
  title        = "TRIK website",
  url          = "http://www.trikset.com/",
  urldate      = "10.04.2016",
  language     = "english"
}

@techreport{comp,
   author = "Muhammad Harith Amaran and others",
   title = "A Comparison of Lightweight Communication Protocols in Robotic Applications",
   booktitle = "",
   institution = "Universiti Teknologi MARA UiTM Shah Alam",
   year = "2015",
}

@techreport{datarate,
   author = "Punitha Manavalan and Michael D {Wagner }",
   title = "A Data-Rate Aware Telemetry Scheduler",
   institution = "Robotics Institute",
   month = "May",
   year = "2001",
   number= "CMU-RI-TR-01-12",
   address= "Pittsburgh, PA",
}

@online{coap,
  title        = "CoAP",
  url          = "https://en.wikipedia.org/wiki/Constrained_Application_Protocol",
  urldate      = "10.04.2016",
  language     = "english"
}

@online{mqtt,
  title        = "MQTT",
  url          = "https://en.wikipedia.org/wiki/MQTT",
  urldate      = "10.04.2016",
  language     = "english"
}

@techreport{m,
   author = "Брыксин Матвей Александрович",
   title = "Телеметрия моделей ТРИК",
   institution = "СПбГУ",
   month = "Май",
   year = "2014",
}

@book{gof,
  title      = {Design Patterns: Elements of Reusable Object-Oriented Software},
  author     = {Erich Gamma, Richard Helm, Ralph Johnson, John Vlissides},
  year       = {1994},
  publisher  = {Addison Wesley},
  isbn       = {860-1419047741}
}

@online{guide,
  title        = "TRIK styleguide",
  url          = {https://github.com/qreal/qreal/wiki/Стайлгайд},
  urldate      = "10.04.2016",
  language     = "english"
}
